@misc{OxfordNanopore_Basecalling,
  author       = {Oxford Nanopore Technologies},
  title        = {How basecalling works},
  year         = {n.d.},
  url          = {https://nanoporetech.com/platform/technology/basecalling},
}

@misc{Different_classification_tools,
  author       = {Jennifer Lu, Florian P. Breitwieser, Derrick E. Wood, Li Song, Daehwan Kim, Ben Langmead, Christopher Pockrandt, Steven L. Salzberg},
  title        = {How to Choose Your Metagenomics Classification Tool},
  year         = {2022},
  url          = {https://ccb.jhu.edu/software/choosing-a-metagenomics-classifier/},
}

@misc{Kraken2,
  author       = {Derrick Wood},
  title        = {MANUAL.markdown},
  year         = {2025},
  url          = {https://github.com/DerrickWood/kraken2/blob/master/docs/MANUAL.markdown},
}


@misc{Krona,
  author       = {Jeff Kaufman},
  title        = {Krona},
  year         = {2024},
  url          = {https://github.com/marbl/Krona/wiki},
}

@misc{AndreaTelatin,
  author       = {Andrea Telatin},
  title        = {Generating Krona plots from Kraken data},
  year         = {2021},
  url          = {https://telatin.github.io/microbiome-bioinformatics/Kraken-to-Krona/},
}

@misc{Schmeier,
  author       = {Sebastian Schmeier},
  title        = {Genomics Tutorial 6. Taxonomic investigation},
  year         = {2020},
  url          = {https://genomics.sschmeier.com/ngs-taxonomic-investigation/},
}

@article{Louca,
  author       = {Louca, S., Wegener-Parfrey, L., Doebeli, M.},
  title        = {Decoupling function and taxonomy in the global ocean microbiome},
  journal      = {Science},
  volume       = {353},
  number       = {6305},
  pages        = {1272--1277},
  year         = {2016},
  publisher    = {American Association for the Advancement of Science}
}

