%% This BibTeX bibliography file was created using BibDesk.
%% http://bibdesk.sourceforge.net/


@software{fastplong,
  author = {{OpenGene}},
  title = {fastplong: A tool for preprocessing Nanopore long reads},
  version = {0.2.2},
  url = {https://github.com/OpenGene/fastplong},
  urldate = {2023-10-10},
  note = {GitHub}
}

@article{Chen2018,
  author = {Chen, S. and Zhou, Y. and Chen, Y. and Gu, J.},
  title = {fastp: an ultra-fast all-in-one {FASTQ} preprocessor},
  journal = {Bioinformatics},
  volume = {34},
  number = {17},
  pages = {i884--i890},
  year = {2018},
  doi = {10.1093/bioinformatics/bty560}
}

@article{Wood2019,
  author = {Wood, D.E. and Lu, J. and Langmead, B.},
  title = {Improved metagenomic analysis with {Kraken} 2},
  journal = {Genome Biology},
  volume = {20},
  pages = {257},
  year = {2019},
  doi = {10.1186/s13059-019-1891-0}
}

@article{Ondov2011,
  author = {Ondov, Brian D. and Bergman, Nicholas H. and Phillippy, Adam M.},
  title = {Interactive metagenomic visualization in a {Web} browser},
  journal = {BMC Bioinformatics},
  volume = {12},
  number = {1},
  pages = {385},
  year = {2011},
  doi = {10.1186/1471-2105-12-385}
}

@article{Breitwieser2020,
  author = {Breitwieser, Florian P. and Salzberg, Steven L.},
  title = {Pavian: interactive analysis of metagenomics data for microbiome studies and pathogen identification},
  journal = {Bioinformatics},
  volume = {36},
  number = {4},
  pages = {1303--1304},
  year = {2020},
  doi = {10.1093/bioinformatics/btz715}
}

@article{Beghini2021,
  author = {Beghini, Francesco and McIver, Lauren J. and Blanco-Mìguez, Aitor and Dubois, Leonard and Asnicar, Francesco and Maharjan, Sagun and Mailyan, Ana and Thomas, Andrew Maltez and Manghi, Paolo and Valles-Colomer, Mireia and Weingart, George and Zhang, Yancong and Zolfo, Moreno and Huttenhower, Curtis and Franzosa, Eric A. and Segata, Nicola},
  title = {Integrating taxonomic, functional, and strain-level profiling of diverse microbial communities with bio{B}akery 3},
  journal = {eLife},
  volume = {10},
  pages = {e65088},
  year = {2021},
  doi = {10.7554/eLife.65088}
}

@article{Bolyen2019,
  author = {Bolyen, Evan and Rideout, Jai Ram and Dillon, Matthew R. and Bokulich, Nicholas A. and Abnet, Christian C. and Al-Ghalith, Gabriel A. and Alexander, Harriet and Alm, Eric J. and Arumugam, Manimozhiyan and Asnicar, Francesco and Bai, Yang and Bisanz, Jordan E. and Bittinger, Kyle and Brejnrod, Asker and Brislawn, Colin J. and Brown, C. Titus and Callahan, Benjamin J. and Caraballo-Rodríguez, Andrés Mauricio and Chase, John and Caporaso, J. Gregory},
  title = {Reproducible, interactive, scalable and extensible microbiome data science using {QIIME} 2},
  journal = {Nature Biotechnology},
  volume = {37},
  number = {8},
  pages = {852--857},
  year = {2019},
  doi = {10.1038/s41587-019-0209-9}
}

@manual{R2021,
  title = {R: A Language and Environment for Statistical Computing},
  author = {{R Core Team}},
  organization = {R Foundation for Statistical Computing},
  address = {Vienna, Austria},
  year = {2021},
  url = {https://www.R-project.org/}
}

@manual{RStudio2020,
  title = {RStudio: Integrated Development Environment for R},
  author = {{RStudio Team}},
  organization = {RStudio, PBC},
  address = {Boston, MA},
  year = {2020},
  url = {http://www.rstudio.com/}
}

@misc{Krona,
  author       = {Jeff Kaufman},
  title        = {Krona},
  year         = {2024},
  url          = {https://github.com/marbl/Krona/wiki},
}

@misc{deepseek2024,
  title = {DeepSeek-R1-Lite-Preview (Version 1.0)},
  author = {DeepSeek},
  year = {2024},
  url = {https://www.deepseek.com},
  note = {Large Language Model}
}

@misc{babraham_bioinformatics_fastqc,
  title = {Babraham {Bioinformatics} - {FastQC} {A} {Quality} {Control} tool for {High} {Throughput} {Sequence} {Data}},
  author = {{Babraham Bioinformatics}},
  url = {https://www.bioinformatics.babraham.ac.uk/projects/fastqc/},
  note = {Accessed: [Insert Access Date Here]},
  year = {n.d.}
}

@software{Kraken2,
  author = {Wood, Derrick E. and Lu, Jennifer and Langmead, Ben},
  title = {Kraken 2: Taxonomic classification system for metagenomics},
  version = {x.x}, % Replace "x.x" with the actual version if known
  url = {https://github.com/DerrickWood/kraken2},
  year = {2019},
  note = {Accessed: [Insert Access Date Here]},
  publisher = {GitHub}
}

@article{Wood2019Kraken2,
  author = {Wood, Derrick E. and Lu, Jennifer and Langmead, Ben},
  title = {Improved metagenomic analysis with {Kraken} 2},
  journal = {Genome Biology},
  volume = {20},
  number = {1},
  pages = {257},
  year = {2019},
  doi = {10.1186/s13059-019-1891-0}
}