@article{chen2023ultrafast,
  title={Ultrafast one-pass FASTQ data preprocessing, quality control, and deduplication using fastp},
  author={Chen, Shifu},
  journal={Imeta},
  volume={2},
  number={2},
  pages={e107},
  year={2023},
  publisher={Wiley Online Library}
}

@article{Wood2019,
  author = {Wood, D.E. and Lu, J. and Langmead, B.},
  title = {Improved metagenomic analysis with {Kraken} 2},
  journal = {Genome Biology},
  volume = {20},
  pages = {257},
  year = {2019},
  doi = {10.1186/s13059-019-1891-0}
}

@article{molder2021sustainable,
  title={Sustainable data analysis with Snakemake},
  author={M{\"o}lder, Felix and Jablonski, Kim Philipp and Letcher, Brice and Hall, Michael B and Tomkins-Tinch, Christopher H and Sochat, Vanessa and Forster, Jan and Lee, Soohyun and Twardziok, Sven O and Kanitz, Alexander and others},
  journal={F1000Research},
  volume={10},
  pages={33},
  year={2021}
}

@article{desantis2006greengenes,
  title={Greengenes, a chimera-checked 16S rRNA gene database and workbench compatible with ARB},
  author={DeSantis, Todd Z and Hugenholtz, Philip and Larsen, Neils and Rojas, Mark and Brodie, Eoin L and Keller, Keith and Huber, Thomas and Dalevi, Daniel and Hu, Ping and Andersen, Gary L},
  journal={Applied and environmental microbiology},
  volume={72},
  number={7},
  pages={5069--5072},
  year={2006},
  publisher={American Society for Microbiology}
}

@article{Ondov2011,
  author = {Ondov, Brian D. and Bergman, Nicholas H. and Phillippy, Adam M.},
  title = {Interactive metagenomic visualization in a {Web} browser},
  journal = {BMC Bioinformatics},
  volume = {12},
  number = {1},
  pages = {385},
  year = {2011},
  doi = {10.1186/1471-2105-12-385}
}

@article{breitwieser2020pavian,
  title={Pavian: interactive analysis of metagenomics data for microbiome studies and pathogen identification},
  author={Breitwieser, Florian P and Salzberg, Steven L},
  journal={Bioinformatics},
  volume={36},
  number={4},
  pages={1303--1304},
  year={2020},
  publisher={Oxford University Press}
}

@article{lu2022metagenome,
  title={Metagenome analysis using the Kraken software suite},
  author={Lu, Jennifer and Rincon, Natalia and Wood, Derrick E and Breitwieser, Florian P and Pockrandt, Christopher and Langmead, Ben and Salzberg, Steven L and Steinegger, Martin},
  journal={Nature protocols},
  volume={17},
  number={12},
  pages={2815--2839},
  year={2022},
  publisher={Nature Publishing Group UK London}
}

@misc{dabdoub2016,
 title={kraken-biom: Enabling interoperative format conversion for Kraken results (Version 1.2) [Software]},
 author={Dabdoub, SM},
 url={https://github.com/smdabdoub/kraken-biom},
 year={2016,}
 }
 
@article{louca2016decoupling,
  title={Decoupling function and taxonomy in the global ocean microbiome},
  author={Louca, Stilianos and Parfrey, Laura Wegener and Doebeli, Michael},
  journal={Science},
  volume={353},
  number={6305},
  pages={1272--1277},
  year={2016},
  publisher={American Association for the Advancement of Science}
}